@book{PMBOK,
  author    = {{PMI}},
  title     = {A Guide to the Project Management Body of Knowledge (PMBOK Guide)},
  publisher = {Project Management Institute},
  edition   = {7th},
  year      = {2021},
  url       = {https://www.pmi.org/pmbok-guide-standards/foundational/pmbok}
}

@book{Kerzner2017,
  author    = {Harold Kerzner},
  title     = {Project Management: A Systems Approach to Planning, Scheduling, and Controlling},
  edition   = {12th},
  publisher = {John Wiley \& Sons},
  year      = {2017},
  url       = {https://www.wiley.com/en-se/Project+Management%3A+A+Systems+Approach+to+Planning%2C+Scheduling%2C+and+Controlling%2C+12th+Edition-p-9781119165361}
}
