@misc{WHO2021Falls,
  author  = {{World Health Organization}},
  title   = {Falls},
  year    = {2021},
  url     = {https://www.who.int/es/news-room/fact-sheets/detail/falls},
  note    = {Fact sheet}
}

@misc{Santamaria2014Falls,
  author  = {Santamaría, et al.},
  title   = {Prevalence and risk factors of falls in older adults: review},
  year    = {2014},
  url     = {https://pmc.ncbi.nlm.nih.gov/articles/PMC6983699/},
  note    = {Review article}
}

@misc{GSMA2024MobileLatAm,
  author  = {{GSMA}},
  title   = {The Mobile Economy Latin America 2024},
  year    = {2024},
  url     = {https://www.gsma.com/solutions-and-impact/connectivity-for-good/mobile-economy/wp-content/uploads/2024/06/The-Mobile-Economy-Latin-America-2024.pdf}
}

@misc{MinsaludMayores2024,
  author  = {{Ministerio de Salud y Protección Social}},
  title   = {Boletín Personas Mayores 2024},
  year    = {2024},
  url     = {https://www.minsalud.gov.co/sites/rid/Lists/BibliotecaDigital/RIDE/DE/PS/boletines-personas-mayores-dic-2024.pdf}
}

@misc{DANEProyecciones2042,
  author  = {{DANE}},
  title   = {Proyecciones de Población 2018–2042},
  year    = {2022},
  url     = {https://www.dane.gov.co/index.php/estadisticas-por-tema/demografia-y-poblacion/proyecciones-de-poblacion}
}

@misc{GrandViewTelerehab,
  author  = {{Grand View Research}},
  title   = {Latin America Telerehabilitation Market Size, Share \& Trends},
  year    = {2024},
  url     = {https://www.grandviewresearch.com/horizon/outlook/telerehabilitation-market/latin-america}
}

@misc{InvimaDispositivos,
  author  = {{INVIMA}},
  title   = {Dispositivos médicos y equipos biomédicos: lineamientos y trámites},
  year    = {2024},
  url     = {https://www.invima.gov.co/productos-vigilados/dispositivos-medicos/dispositivos-medicos-y-equipos-biomedicos}
}

@misc{Decreto4725,
  author  = {{Ministerio de la Protección Social}},
  title   = {Decreto 4725 de 2005 — Régimen de dispositivos médicos y BPF},
  year    = {2005},
  url     = {https://www.minsalud.gov.co/sites/rid/lists/bibliotecadigital/ride/de/dij/decreto-4725-de-2005.pdf}
}

@misc{Ley1581Datos,
  author  = {{Congreso de Colombia}},
  title   = {Ley 1581 de 2012 — Protección de datos personales},
  year    = {2012},
  url     = {https://www.suin-juriscol.gov.co/viewDocument.asp?ruta=Leyes/1684507}
}

@misc{Ley1672RAEE,
  author  = {{Congreso de Colombia}},
  title   = {Ley 1672 de 2013 — Política de gestión integral de RAEE},
  year    = {2013},
  url     = {https://www.funcionpublica.gov.co/eva/gestornormativo/norma.php?i=53825}
}

@misc{Resolucion1512RAEE,
  author  = {{Ministerio de Ambiente}},
  title   = {Resolución 1512 de 2010 — Sistemas de recolección selectiva de RAEE},
  year    = {2010},
  url     = {https://www.minambiente.gov.co/wp-content/uploads/2021/10/Resolucion-1512-de-2010.pdf}
}

@misc{DANE_CIIU,
  author  = {{DANE}},
  title   = {CIIU Rev. 4 A.C. (2020/2022)},
  year    = {2022},
  url     = {https://www.dane.gov.co/files/sen/nomenclatura/ciiu/CIIU_Rev_4_AC2020.pdf}
}

@misc{DIAN_CIIU6201,
  author  = {{DIAN}},
  title   = {CIIU 6201 — Actividades de desarrollo de sistemas informáticos},
  year    = {2023},
  url     = {https://dian-rut.com/codigo-ciiu/6201/}
}