% Dummy reference
@book{texbook,
  author    = {Donald E. Knuth},
  year      = {1986},
  title     = {The {\TeX} Book},
  publisher = {Addison-Wesley Professional}
}

@misc{ccnaNAT,
  author = {CCNA desde Cero},
  title  = {Configuración de NAT: Estática, Dinámica y PAT},
  year   = {2023},
  url    = {https://ccnadesdecero.es/configuracion-nat-estatica-dinamica-pat/},
  note   = {[Online; accessed 06-June-2023]}
}
